<record><leader>00000cas a2200000 a 4500</leader><controlfield tag="001">12207977</controlfield><controlfield tag="008">850627d19691972ksuwr ne      0    0eng d</controlfield><datafield ind1=" " ind2=" " tag="010"><subfield code="a">sn 85029396 </subfield></datafield><datafield ind1=" " ind2=" " tag="040"><subfield code="a">KSH</subfield><subfield code="b">eng</subfield><subfield code="c">KSH</subfield><subfield code="d">NPT</subfield><subfield code="d">OCL</subfield><subfield code="d">OCLCQ</subfield></datafield><datafield ind1=" " ind2=" " tag="042"><subfield code="a">msc</subfield></datafield><datafield ind1="0" ind2=" " tag="130"><subfield code="a">Overbrook citizen (Overbrook, Kan. : 1969)</subfield></datafield><datafield ind1="1" ind2="4" tag="245"><subfield code="a">The Overbrook citizen.</subfield></datafield><datafield ind1=" " ind2=" " tag="260"><subfield code="a">Overbrook, Kan. :</subfield><subfield code="b">Frank Boyd,</subfield><subfield code="c">1969-1972.</subfield></datafield><datafield ind1=" " ind2=" " tag="300"><subfield code="a">3 v. :</subfield><subfield code="b">ill. ;</subfield><subfield code="c">42 cm.</subfield></datafield><datafield ind1=" " ind2=" " tag="310"><subfield code="a">Weekly</subfield></datafield><datafield ind1="0" ind2=" " tag="362"><subfield code="a">Vol. 81, no. 3 (Jan. 16, 1969)-v. 84, no. 35 (Aug. 31, 1972).</subfield></datafield><datafield ind1=" " ind2=" " tag="500"><subfield code="a">Published by: Jere J. Neibarger, May 4-11, 1972; Jere &amp; June Neibarger, The Citizen Pub. Co., May 18-Aug. 31, 1972.</subfield></datafield><datafield ind1=" " ind2=" " tag="752"><subfield code="a">United States</subfield><subfield code="b">Kansas</subfield><subfield code="c">Osage</subfield><subfield code="d">Overbrook.</subfield></datafield><datafield ind1="0" ind2="0" tag="780"><subfield code="t">Citizen (Overbrook, Kan. : 1959)</subfield><subfield code="w">(DLC)sn 85029397</subfield></datafield><datafield ind1="0" ind2="0" tag="785"><subfield code="t">Citizen (Overbrook, Kan. : 1972)</subfield><subfield code="w">(DLC)sn 85029401</subfield></datafield></record>